%YAML 1.1
%TAG !u! tag:unity3d.com,2011:
--- !u!1 &2125111718642103207
GameObject:
  m_ObjectHideFlags: 0
  m_CorrespondingSourceObject: {fileID: 0}
  m_PrefabInstance: {fileID: 0}
  m_PrefabAsset: {fileID: 0}
  serializedVersion: 6
  m_Component:
  - component: {fileID: 2125111718641741703}
  - component: {fileID: 2125111718640971685}
  - component: {fileID: 2125111718639840613}
  - component: {fileID: 2125111718644194565}
  m_Layer: 0
  m_Name: FlaskHandler
  m_TagString: Untagged
  m_Icon: {fileID: 0}
  m_NavMeshLayer: 0
  m_StaticEditorFlags: 0
  m_IsActive: 1
--- !u!4 &2125111718641741703
Transform:
  m_ObjectHideFlags: 0
  m_CorrespondingSourceObject: {fileID: 0}
  m_PrefabInstance: {fileID: 0}
  m_PrefabAsset: {fileID: 0}
  m_GameObject: {fileID: 2125111718642103207}
  m_LocalRotation: {x: -0.7069834, y: 0, z: 0, w: 0.7072302}
  m_LocalPosition: {x: 2.827, y: 1.1930642, z: -5.2906284}
  m_LocalScale: {x: 17.876587, y: 17.876587, z: 17.876587}
  m_Children:
  - {fileID: 2125111718641741697}
  - {fileID: 9028030162328398306}
  - {fileID: 705124307542027797}
  - {fileID: 2365182273549755783}
  - {fileID: 3933065704439326803}
  - {fileID: 2716134444666086518}
  m_Father: {fileID: 0}
  m_RootOrder: 0
  m_LocalEulerAnglesHint: {x: -89.98, y: 0, z: 0}
--- !u!33 &2125111718640971685
MeshFilter:
  m_ObjectHideFlags: 0
  m_CorrespondingSourceObject: {fileID: 0}
  m_PrefabInstance: {fileID: 0}
  m_PrefabAsset: {fileID: 0}
  m_GameObject: {fileID: 2125111718642103207}
  m_Mesh: {fileID: 4300008, guid: 758d9a300835b5f41b0a7d8f4a54a5dc, type: 3}
--- !u!23 &2125111718639840613
MeshRenderer:
  m_ObjectHideFlags: 0
  m_CorrespondingSourceObject: {fileID: 0}
  m_PrefabInstance: {fileID: 0}
  m_PrefabAsset: {fileID: 0}
  m_GameObject: {fileID: 2125111718642103207}
  m_Enabled: 1
  m_CastShadows: 1
  m_ReceiveShadows: 1
  m_DynamicOccludee: 1
  m_MotionVectors: 1
  m_LightProbeUsage: 1
  m_ReflectionProbeUsage: 1
  m_RenderingLayerMask: 1
  m_RendererPriority: 0
  m_Materials:
  - {fileID: 2100006, guid: 758d9a300835b5f41b0a7d8f4a54a5dc, type: 3}
  m_StaticBatchInfo:
    firstSubMesh: 0
    subMeshCount: 0
  m_StaticBatchRoot: {fileID: 0}
  m_ProbeAnchor: {fileID: 0}
  m_LightProbeVolumeOverride: {fileID: 0}
  m_ScaleInLightmap: 1
  m_PreserveUVs: 0
  m_IgnoreNormalsForChartDetection: 0
  m_ImportantGI: 0
  m_StitchLightmapSeams: 0
  m_SelectedEditorRenderState: 3
  m_MinimumChartSize: 4
  m_AutoUVMaxDistance: 0.5
  m_AutoUVMaxAngle: 89
  m_LightmapParameters: {fileID: 0}
  m_SortingLayerID: 0
  m_SortingLayer: 0
  m_SortingOrder: 0
--- !u!64 &2125111718644194565
MeshCollider:
  m_ObjectHideFlags: 0
  m_CorrespondingSourceObject: {fileID: 0}
  m_PrefabInstance: {fileID: 0}
  m_PrefabAsset: {fileID: 0}
  m_GameObject: {fileID: 2125111718642103207}
  m_Material: {fileID: 0}
  m_IsTrigger: 0
  m_Enabled: 1
  serializedVersion: 3
  m_Convex: 0
  m_CookingOptions: 14
  m_Mesh: {fileID: 4300008, guid: 758d9a300835b5f41b0a7d8f4a54a5dc, type: 3}
--- !u!1001 &1092512535932543421
PrefabInstance:
  m_ObjectHideFlags: 0
  serializedVersion: 2
  m_Modification:
    m_TransformParent: {fileID: 2125111718641741703}
    m_Modifications:
    - target: {fileID: 4160319141670750702, guid: 7a30304af657ef54fa1eda33480cc224,
        type: 3}
      propertyPath: m_LocalPosition.x
      value: -0.007375383
      objectReference: {fileID: 0}
    - target: {fileID: 4160319141670750702, guid: 7a30304af657ef54fa1eda33480cc224,
        type: 3}
      propertyPath: m_LocalPosition.y
      value: 0.00016865785
      objectReference: {fileID: 0}
    - target: {fileID: 4160319141670750702, guid: 7a30304af657ef54fa1eda33480cc224,
        type: 3}
      propertyPath: m_LocalPosition.z
      value: 0.005856714
      objectReference: {fileID: 0}
    - target: {fileID: 4160319141670750702, guid: 7a30304af657ef54fa1eda33480cc224,
        type: 3}
      propertyPath: m_LocalRotation.x
      value: -0
      objectReference: {fileID: 0}
    - target: {fileID: 4160319141670750702, guid: 7a30304af657ef54fa1eda33480cc224,
        type: 3}
      propertyPath: m_LocalRotation.y
      value: -0
      objectReference: {fileID: 0}
    - target: {fileID: 4160319141670750702, guid: 7a30304af657ef54fa1eda33480cc224,
        type: 3}
      propertyPath: m_LocalRotation.z
      value: -0
      objectReference: {fileID: 0}
    - target: {fileID: 4160319141670750702, guid: 7a30304af657ef54fa1eda33480cc224,
        type: 3}
      propertyPath: m_LocalRotation.w
      value: 1
      objectReference: {fileID: 0}
    - target: {fileID: 4160319141670750702, guid: 7a30304af657ef54fa1eda33480cc224,
        type: 3}
      propertyPath: m_RootOrder
      value: 4
      objectReference: {fileID: 0}
    - target: {fileID: 4160319141670750702, guid: 7a30304af657ef54fa1eda33480cc224,
        type: 3}
      propertyPath: m_LocalEulerAnglesHint.x
      value: 0
      objectReference: {fileID: 0}
    - target: {fileID: 4160319141670750702, guid: 7a30304af657ef54fa1eda33480cc224,
        type: 3}
      propertyPath: m_LocalEulerAnglesHint.y
      value: 0
      objectReference: {fileID: 0}
    - target: {fileID: 4160319141670750702, guid: 7a30304af657ef54fa1eda33480cc224,
        type: 3}
      propertyPath: m_LocalEulerAnglesHint.z
      value: 0
      objectReference: {fileID: 0}
    - target: {fileID: 4160319141670852046, guid: 7a30304af657ef54fa1eda33480cc224,
        type: 3}
      propertyPath: m_Name
      value: Flask4 (4)
      objectReference: {fileID: 0}
    m_RemovedComponents: []
  m_SourcePrefab: {fileID: 100100000, guid: 7a30304af657ef54fa1eda33480cc224, type: 3}
--- !u!4 &3933065704439326803 stripped
Transform:
  m_CorrespondingSourceObject: {fileID: 4160319141670750702, guid: 7a30304af657ef54fa1eda33480cc224,
    type: 3}
  m_PrefabInstance: {fileID: 1092512535932543421}
  m_PrefabAsset: {fileID: 0}
--- !u!1001 &1832609393178373225
PrefabInstance:
  m_ObjectHideFlags: 0
  serializedVersion: 2
  m_Modification:
    m_TransformParent: {fileID: 2125111718641741703}
    m_Modifications:
    - target: {fileID: 4160319141670750702, guid: 7a30304af657ef54fa1eda33480cc224,
        type: 3}
      propertyPath: m_LocalPosition.x
      value: -0.002301579
      objectReference: {fileID: 0}
    - target: {fileID: 4160319141670750702, guid: 7a30304af657ef54fa1eda33480cc224,
        type: 3}
      propertyPath: m_LocalPosition.y
      value: 0.00016865785
      objectReference: {fileID: 0}
    - target: {fileID: 4160319141670750702, guid: 7a30304af657ef54fa1eda33480cc224,
        type: 3}
      propertyPath: m_LocalPosition.z
      value: 0.005856714
      objectReference: {fileID: 0}
    - target: {fileID: 4160319141670750702, guid: 7a30304af657ef54fa1eda33480cc224,
        type: 3}
      propertyPath: m_LocalRotation.x
      value: -0
      objectReference: {fileID: 0}
    - target: {fileID: 4160319141670750702, guid: 7a30304af657ef54fa1eda33480cc224,
        type: 3}
      propertyPath: m_LocalRotation.y
      value: -0
      objectReference: {fileID: 0}
    - target: {fileID: 4160319141670750702, guid: 7a30304af657ef54fa1eda33480cc224,
        type: 3}
      propertyPath: m_LocalRotation.z
      value: -0
      objectReference: {fileID: 0}
    - target: {fileID: 4160319141670750702, guid: 7a30304af657ef54fa1eda33480cc224,
        type: 3}
      propertyPath: m_LocalRotation.w
      value: 1
      objectReference: {fileID: 0}
    - target: {fileID: 4160319141670750702, guid: 7a30304af657ef54fa1eda33480cc224,
        type: 3}
      propertyPath: m_RootOrder
      value: 3
      objectReference: {fileID: 0}
    - target: {fileID: 4160319141670750702, guid: 7a30304af657ef54fa1eda33480cc224,
        type: 3}
      propertyPath: m_LocalEulerAnglesHint.x
      value: 0
      objectReference: {fileID: 0}
    - target: {fileID: 4160319141670750702, guid: 7a30304af657ef54fa1eda33480cc224,
        type: 3}
      propertyPath: m_LocalEulerAnglesHint.y
      value: 0
      objectReference: {fileID: 0}
    - target: {fileID: 4160319141670750702, guid: 7a30304af657ef54fa1eda33480cc224,
        type: 3}
      propertyPath: m_LocalEulerAnglesHint.z
      value: 0
      objectReference: {fileID: 0}
    - target: {fileID: 4160319141670852046, guid: 7a30304af657ef54fa1eda33480cc224,
        type: 3}
      propertyPath: m_Name
      value: Flask4 (3)
      objectReference: {fileID: 0}
    m_RemovedComponents: []
  m_SourcePrefab: {fileID: 100100000, guid: 7a30304af657ef54fa1eda33480cc224, type: 3}
--- !u!4 &2365182273549755783 stripped
Transform:
  m_CorrespondingSourceObject: {fileID: 4160319141670750702, guid: 7a30304af657ef54fa1eda33480cc224,
    type: 3}
  m_PrefabInstance: {fileID: 1832609393178373225}
  m_PrefabAsset: {fileID: 0}
--- !u!1001 &2021493722529492376
PrefabInstance:
  m_ObjectHideFlags: 0
  serializedVersion: 2
  m_Modification:
    m_TransformParent: {fileID: 2125111718641741703}
    m_Modifications:
    - target: {fileID: 4160319141670750702, guid: 7a30304af657ef54fa1eda33480cc224,
        type: 3}
      propertyPath: m_LocalPosition.x
      value: -0.01280886
      objectReference: {fileID: 0}
    - target: {fileID: 4160319141670750702, guid: 7a30304af657ef54fa1eda33480cc224,
        type: 3}
      propertyPath: m_LocalPosition.y
      value: 0.00016865785
      objectReference: {fileID: 0}
    - target: {fileID: 4160319141670750702, guid: 7a30304af657ef54fa1eda33480cc224,
        type: 3}
      propertyPath: m_LocalPosition.z
      value: 0.005856714
      objectReference: {fileID: 0}
    - target: {fileID: 4160319141670750702, guid: 7a30304af657ef54fa1eda33480cc224,
        type: 3}
      propertyPath: m_LocalRotation.x
      value: -0
      objectReference: {fileID: 0}
    - target: {fileID: 4160319141670750702, guid: 7a30304af657ef54fa1eda33480cc224,
        type: 3}
      propertyPath: m_LocalRotation.y
      value: -0
      objectReference: {fileID: 0}
    - target: {fileID: 4160319141670750702, guid: 7a30304af657ef54fa1eda33480cc224,
        type: 3}
      propertyPath: m_LocalRotation.z
      value: -0
      objectReference: {fileID: 0}
    - target: {fileID: 4160319141670750702, guid: 7a30304af657ef54fa1eda33480cc224,
        type: 3}
      propertyPath: m_LocalRotation.w
      value: 1
      objectReference: {fileID: 0}
    - target: {fileID: 4160319141670750702, guid: 7a30304af657ef54fa1eda33480cc224,
        type: 3}
      propertyPath: m_RootOrder
      value: 5
      objectReference: {fileID: 0}
    - target: {fileID: 4160319141670750702, guid: 7a30304af657ef54fa1eda33480cc224,
        type: 3}
      propertyPath: m_LocalEulerAnglesHint.x
      value: 0
      objectReference: {fileID: 0}
    - target: {fileID: 4160319141670750702, guid: 7a30304af657ef54fa1eda33480cc224,
        type: 3}
      propertyPath: m_LocalEulerAnglesHint.y
      value: 0
      objectReference: {fileID: 0}
    - target: {fileID: 4160319141670750702, guid: 7a30304af657ef54fa1eda33480cc224,
        type: 3}
      propertyPath: m_LocalEulerAnglesHint.z
      value: 0
      objectReference: {fileID: 0}
    - target: {fileID: 4160319141670852046, guid: 7a30304af657ef54fa1eda33480cc224,
        type: 3}
      propertyPath: m_Name
      value: Flask4 (5)
      objectReference: {fileID: 0}
    m_RemovedComponents: []
  m_SourcePrefab: {fileID: 100100000, guid: 7a30304af657ef54fa1eda33480cc224, type: 3}
--- !u!4 &2716134444666086518 stripped
Transform:
  m_CorrespondingSourceObject: {fileID: 4160319141670750702, guid: 7a30304af657ef54fa1eda33480cc224,
    type: 3}
  m_PrefabInstance: {fileID: 2021493722529492376}
  m_PrefabAsset: {fileID: 0}
--- !u!1001 &2648545316443399791
PrefabInstance:
  m_ObjectHideFlags: 0
  serializedVersion: 2
  m_Modification:
    m_TransformParent: {fileID: 2125111718641741703}
    m_Modifications:
    - target: {fileID: 4160319141670750702, guid: 7a30304af657ef54fa1eda33480cc224,
        type: 3}
      propertyPath: m_LocalPosition.x
      value: 0.013028156
      objectReference: {fileID: 0}
    - target: {fileID: 4160319141670750702, guid: 7a30304af657ef54fa1eda33480cc224,
        type: 3}
      propertyPath: m_LocalPosition.y
      value: 0.00016865785
      objectReference: {fileID: 0}
    - target: {fileID: 4160319141670750702, guid: 7a30304af657ef54fa1eda33480cc224,
        type: 3}
      propertyPath: m_LocalPosition.z
      value: 0.005856714
      objectReference: {fileID: 0}
    - target: {fileID: 4160319141670750702, guid: 7a30304af657ef54fa1eda33480cc224,
        type: 3}
      propertyPath: m_LocalRotation.x
      value: -0
      objectReference: {fileID: 0}
    - target: {fileID: 4160319141670750702, guid: 7a30304af657ef54fa1eda33480cc224,
        type: 3}
      propertyPath: m_LocalRotation.y
      value: -0
      objectReference: {fileID: 0}
    - target: {fileID: 4160319141670750702, guid: 7a30304af657ef54fa1eda33480cc224,
        type: 3}
      propertyPath: m_LocalRotation.z
      value: -0
      objectReference: {fileID: 0}
    - target: {fileID: 4160319141670750702, guid: 7a30304af657ef54fa1eda33480cc224,
        type: 3}
      propertyPath: m_LocalRotation.w
      value: 1
      objectReference: {fileID: 0}
    - target: {fileID: 4160319141670750702, guid: 7a30304af657ef54fa1eda33480cc224,
        type: 3}
      propertyPath: m_RootOrder
      value: 0
      objectReference: {fileID: 0}
    - target: {fileID: 4160319141670750702, guid: 7a30304af657ef54fa1eda33480cc224,
        type: 3}
      propertyPath: m_LocalEulerAnglesHint.x
      value: 0
      objectReference: {fileID: 0}
    - target: {fileID: 4160319141670750702, guid: 7a30304af657ef54fa1eda33480cc224,
        type: 3}
      propertyPath: m_LocalEulerAnglesHint.y
      value: 0
      objectReference: {fileID: 0}
    - target: {fileID: 4160319141670750702, guid: 7a30304af657ef54fa1eda33480cc224,
        type: 3}
      propertyPath: m_LocalEulerAnglesHint.z
      value: 0
      objectReference: {fileID: 0}
    - target: {fileID: 4160319141670852046, guid: 7a30304af657ef54fa1eda33480cc224,
        type: 3}
      propertyPath: m_Name
      value: Flask4
      objectReference: {fileID: 0}
    m_RemovedComponents: []
  m_SourcePrefab: {fileID: 100100000, guid: 7a30304af657ef54fa1eda33480cc224, type: 3}
--- !u!4 &2125111718641741697 stripped
Transform:
  m_CorrespondingSourceObject: {fileID: 4160319141670750702, guid: 7a30304af657ef54fa1eda33480cc224,
    type: 3}
  m_PrefabInstance: {fileID: 2648545316443399791}
  m_PrefabAsset: {fileID: 0}
--- !u!1001 &3491827816008394747
PrefabInstance:
  m_ObjectHideFlags: 0
  serializedVersion: 2
  m_Modification:
    m_TransformParent: {fileID: 2125111718641741703}
    m_Modifications:
    - target: {fileID: 4160319141670750702, guid: 7a30304af657ef54fa1eda33480cc224,
        type: 3}
      propertyPath: m_LocalPosition.x
      value: 0.002631094
      objectReference: {fileID: 0}
    - target: {fileID: 4160319141670750702, guid: 7a30304af657ef54fa1eda33480cc224,
        type: 3}
      propertyPath: m_LocalPosition.y
      value: 0.00016865785
      objectReference: {fileID: 0}
    - target: {fileID: 4160319141670750702, guid: 7a30304af657ef54fa1eda33480cc224,
        type: 3}
      propertyPath: m_LocalPosition.z
      value: 0.005856714
      objectReference: {fileID: 0}
    - target: {fileID: 4160319141670750702, guid: 7a30304af657ef54fa1eda33480cc224,
        type: 3}
      propertyPath: m_LocalRotation.x
      value: -0
      objectReference: {fileID: 0}
    - target: {fileID: 4160319141670750702, guid: 7a30304af657ef54fa1eda33480cc224,
        type: 3}
      propertyPath: m_LocalRotation.y
      value: -0
      objectReference: {fileID: 0}
    - target: {fileID: 4160319141670750702, guid: 7a30304af657ef54fa1eda33480cc224,
        type: 3}
      propertyPath: m_LocalRotation.z
      value: -0
      objectReference: {fileID: 0}
    - target: {fileID: 4160319141670750702, guid: 7a30304af657ef54fa1eda33480cc224,
        type: 3}
      propertyPath: m_LocalRotation.w
      value: 1
      objectReference: {fileID: 0}
    - target: {fileID: 4160319141670750702, guid: 7a30304af657ef54fa1eda33480cc224,
        type: 3}
      propertyPath: m_RootOrder
      value: 2
      objectReference: {fileID: 0}
    - target: {fileID: 4160319141670750702, guid: 7a30304af657ef54fa1eda33480cc224,
        type: 3}
      propertyPath: m_LocalEulerAnglesHint.x
      value: 0
      objectReference: {fileID: 0}
    - target: {fileID: 4160319141670750702, guid: 7a30304af657ef54fa1eda33480cc224,
        type: 3}
      propertyPath: m_LocalEulerAnglesHint.y
      value: 0
      objectReference: {fileID: 0}
    - target: {fileID: 4160319141670750702, guid: 7a30304af657ef54fa1eda33480cc224,
        type: 3}
      propertyPath: m_LocalEulerAnglesHint.z
      value: 0
      objectReference: {fileID: 0}
    - target: {fileID: 4160319141670852046, guid: 7a30304af657ef54fa1eda33480cc224,
        type: 3}
      propertyPath: m_Name
      value: Flask4 (2)
      objectReference: {fileID: 0}
    m_RemovedComponents: []
  m_SourcePrefab: {fileID: 100100000, guid: 7a30304af657ef54fa1eda33480cc224, type: 3}
--- !u!4 &705124307542027797 stripped
Transform:
  m_CorrespondingSourceObject: {fileID: 4160319141670750702, guid: 7a30304af657ef54fa1eda33480cc224,
    type: 3}
  m_PrefabInstance: {fileID: 3491827816008394747}
  m_PrefabAsset: {fileID: 0}
--- !u!1001 &4969279833219768332
PrefabInstance:
  m_ObjectHideFlags: 0
  serializedVersion: 2
  m_Modification:
    m_TransformParent: {fileID: 2125111718641741703}
    m_Modifications:
    - target: {fileID: 4160319141670750702, guid: 7a30304af657ef54fa1eda33480cc224,
        type: 3}
      propertyPath: m_LocalPosition.x
      value: 0.007745509
      objectReference: {fileID: 0}
    - target: {fileID: 4160319141670750702, guid: 7a30304af657ef54fa1eda33480cc224,
        type: 3}
      propertyPath: m_LocalPosition.y
      value: 0.00016865785
      objectReference: {fileID: 0}
    - target: {fileID: 4160319141670750702, guid: 7a30304af657ef54fa1eda33480cc224,
        type: 3}
      propertyPath: m_LocalPosition.z
      value: 0.005856714
      objectReference: {fileID: 0}
    - target: {fileID: 4160319141670750702, guid: 7a30304af657ef54fa1eda33480cc224,
        type: 3}
      propertyPath: m_LocalRotation.x
      value: -0
      objectReference: {fileID: 0}
    - target: {fileID: 4160319141670750702, guid: 7a30304af657ef54fa1eda33480cc224,
        type: 3}
      propertyPath: m_LocalRotation.y
      value: -0
      objectReference: {fileID: 0}
    - target: {fileID: 4160319141670750702, guid: 7a30304af657ef54fa1eda33480cc224,
        type: 3}
      propertyPath: m_LocalRotation.z
      value: -0
      objectReference: {fileID: 0}
    - target: {fileID: 4160319141670750702, guid: 7a30304af657ef54fa1eda33480cc224,
        type: 3}
      propertyPath: m_LocalRotation.w
      value: 1
      objectReference: {fileID: 0}
    - target: {fileID: 4160319141670750702, guid: 7a30304af657ef54fa1eda33480cc224,
        type: 3}
      propertyPath: m_RootOrder
      value: 1
      objectReference: {fileID: 0}
    - target: {fileID: 4160319141670750702, guid: 7a30304af657ef54fa1eda33480cc224,
        type: 3}
      propertyPath: m_LocalEulerAnglesHint.x
      value: 0
      objectReference: {fileID: 0}
    - target: {fileID: 4160319141670750702, guid: 7a30304af657ef54fa1eda33480cc224,
        type: 3}
      propertyPath: m_LocalEulerAnglesHint.y
      value: 0
      objectReference: {fileID: 0}
    - target: {fileID: 4160319141670750702, guid: 7a30304af657ef54fa1eda33480cc224,
        type: 3}
      propertyPath: m_LocalEulerAnglesHint.z
      value: 0
      objectReference: {fileID: 0}
    - target: {fileID: 4160319141670852046, guid: 7a30304af657ef54fa1eda33480cc224,
        type: 3}
      propertyPath: m_Name
      value: Flask4 (1)
      objectReference: {fileID: 0}
    m_RemovedComponents: []
  m_SourcePrefab: {fileID: 100100000, guid: 7a30304af657ef54fa1eda33480cc224, type: 3}
--- !u!4 &9028030162328398306 stripped
Transform:
  m_CorrespondingSourceObject: {fileID: 4160319141670750702, guid: 7a30304af657ef54fa1eda33480cc224,
    type: 3}
  m_PrefabInstance: {fileID: 4969279833219768332}
  m_PrefabAsset: {fileID: 0}
